<record><leader>00000cas a22000007i 4500</leader><controlfield tag="001">800423303</controlfield><controlfield tag="006">m     o  d        </controlfield><controlfield tag="007">cr bn|---uuuuu</controlfield><controlfield tag="008">120514d197419uumiueu n o     0   a0eng  </controlfield><datafield ind1=" " ind2=" " tag="010"><subfield code="a">  2016201827</subfield></datafield><datafield ind1=" " ind2=" " tag="040"><subfield code="a">UKAMD</subfield><subfield code="c">UKAMD</subfield><subfield code="d">OCLCF</subfield><subfield code="d">OCLCO</subfield><subfield code="d">OCL</subfield><subfield code="e">rda</subfield><subfield code="d">DLC</subfield></datafield><datafield ind1="0" ind2=" " tag="022"><subfield code="a">2471-1160</subfield><subfield code="2">1</subfield></datafield><datafield ind1=" " ind2=" " tag="042"><subfield code="a">pcc</subfield><subfield code="a">nsdp</subfield></datafield><datafield ind1=" " ind2=" " tag="043"><subfield code="a">n-us---</subfield><subfield code="a">n-us-mi</subfield></datafield><datafield ind1="1" ind2="0" tag="050"><subfield code="a">ISSN RECORD</subfield></datafield><datafield ind1="1" ind2="0" tag="082"><subfield code="a">071</subfield><subfield code="2">23</subfield></datafield><datafield ind1="0" ind2=" " tag="130"><subfield code="a">Spectacle (East Lansing, Mich. Online)</subfield></datafield><datafield ind1=" " ind2="4" tag="222"><subfield code="a">The spectacle</subfield><subfield code="b">(East Lansing, Mich. Online)</subfield></datafield><datafield ind1="1" ind2="4" tag="245"><subfield code="a">The spectacle.</subfield></datafield><datafield ind1=" " ind2="1" tag="264"><subfield code="a">East Lansing, Mich. :</subfield><subfield code="b">Spectacle.</subfield></datafield><datafield ind1=" " ind2=" " tag="300"><subfield code="a">v. :</subfield><subfield code="b">ill. ;</subfield><subfield code="c">39 cm.</subfield></datafield><datafield ind1=" " ind2=" " tag="310"><subfield code="a">Biweekly</subfield></datafield><datafield ind1=" " ind2=" " tag="336"><subfield code="a">text</subfield><subfield code="b">txt</subfield><subfield code="2">rdacontent</subfield></datafield><datafield ind1=" " ind2=" " tag="337"><subfield code="a">computer</subfield><subfield code="b">c</subfield><subfield code="2">rdamedia</subfield></datafield><datafield ind1=" " ind2=" " tag="338"><subfield code="a">online resource</subfield><subfield code="b">cr</subfield><subfield code="2">rdacarrier</subfield></datafield><datafield ind1="0" ind2=" " tag="362"><subfield code="a">Vol. 1, no. 1 ([Feb.?] 1974)-</subfield></datafield><datafield ind1=" " ind2=" " tag="500"><subfield code="a">Title from cover.</subfield></datafield><datafield ind1=" " ind2=" " tag="515"><subfield code="a">Issues lack chronological designation.</subfield></datafield><datafield ind1=" " ind2=" " tag="533"><subfield code="a">Electronic reproduction.</subfield><subfield code="m">Vol. 1, no. 1-5; v. 2, no. 1, 3-5, 7-12; v. 3, no. 1-4, 7-8, 10.</subfield><subfield code="b">Marlborough, England :</subfield><subfield code="c">Adam Matthew Digital.</subfield><subfield code="b">[Chicago, Ill.] :</subfield><subfield code="c">Adam Matthew Education [North American distributor],</subfield><subfield code="d">c2011</subfield><subfield code="f">(Rock and roll, counterculture, peace and protest : popular culture in Britain and America, 1950-1975).</subfield></datafield><datafield ind1="1" ind2=" " tag="535"><subfield code="a">Browne Popular Culture Library, Bowling Green State University</subfield></datafield><datafield ind1=" " ind2=" " tag="588"><subfield code="a">Description based on: Vol. 1, no. 1 [March 1974]; title from cover (Reveal Digital website, viewed February 26, 2016).</subfield></datafield><datafield ind1=" " ind2=" " tag="588"><subfield code="a">Latest issue consulted: Volume 3, number 10 (July 1976) (viewed February 26, 2016).</subfield></datafield><datafield ind1=" " ind2="0" tag="650"><subfield code="a">Underground press publications</subfield><subfield code="z">Michigan</subfield><subfield code="z">East Lansing.</subfield></datafield><datafield ind1="2" ind2="0" tag="610"><subfield code="a">Michigan State University</subfield><subfield code="x">Students</subfield><subfield code="v">Newspapers.</subfield></datafield><datafield ind1=" " ind2="0" tag="650"><subfield code="a">Student movements</subfield><subfield code="z">Michigan</subfield><subfield code="v">Newspapers.</subfield></datafield><datafield ind1=" " ind2="0" tag="650"><subfield code="a">New Left</subfield><subfield code="z">Michigan</subfield><subfield code="v">Newspapers.</subfield></datafield><datafield ind1=" " ind2="0" tag="650"><subfield code="a">Radicalism</subfield><subfield code="z">United States</subfield><subfield code="v">Newspapers.</subfield></datafield><datafield ind1=" " ind2="0" tag="650"><subfield code="a">Working class</subfield><subfield code="z">United States</subfield><subfield code="v">Newspapers.</subfield></datafield><datafield ind1=" " ind2="0" tag="651"><subfield code="a">United States</subfield><subfield code="x">Politics and government</subfield><subfield code="y">1974-1977</subfield><subfield code="v">Newspapers.</subfield></datafield><datafield ind1=" " ind2="0" tag="650"><subfield code="a">Civil rights</subfield><subfield code="z">United States</subfield><subfield code="v">Newspapers.</subfield></datafield><datafield ind1="2" ind2="7" tag="610"><subfield code="a">Michigan State University.</subfield><subfield code="2">fast</subfield><subfield code="0">(OCoLC)fst00532746</subfield></datafield><datafield ind1=" " ind2="7" tag="650"><subfield code="a">Civil rights.</subfield><subfield code="2">fast</subfield><subfield code="0">(OCoLC)fst00862627</subfield></datafield><datafield ind1=" " ind2="7" tag="650"><subfield code="a">New Left.</subfield><subfield code="2">fast</subfield><subfield code="0">(OCoLC)fst01036751</subfield></datafield><datafield ind1=" " ind2="7" tag="650"><subfield code="a">Politics and government</subfield><subfield code="2">fast</subfield><subfield code="0">(OCoLC)fst01919741</subfield></datafield><datafield ind1=" " ind2="7" tag="650"><subfield code="a">Radicalism.</subfield><subfield code="2">fast</subfield><subfield code="0">(OCoLC)fst01087015</subfield></datafield><datafield ind1=" " ind2="7" tag="650"><subfield code="a">Student movements.</subfield><subfield code="2">fast</subfield><subfield code="0">(OCoLC)fst01135954</subfield></datafield><datafield ind1=" " ind2="7" tag="650"><subfield code="a">Students.</subfield><subfield code="2">fast</subfield><subfield code="0">(OCoLC)fst01136041</subfield></datafield><datafield ind1=" " ind2="7" tag="650"><subfield code="a">Underground press publications.</subfield><subfield code="2">fast</subfield><subfield code="0">(OCoLC)fst01160984</subfield></datafield><datafield ind1=" " ind2="7" tag="650"><subfield code="a">Working class.</subfield><subfield code="2">fast</subfield><subfield code="0">(OCoLC)fst01180418</subfield></datafield><datafield ind1=" " ind2="7" tag="651"><subfield code="a">Michigan.</subfield><subfield code="2">fast</subfield><subfield code="0">(OCoLC)fst01208387</subfield></datafield><datafield ind1=" " ind2="7" tag="651"><subfield code="a">Michigan</subfield><subfield code="z">East Lansing.</subfield><subfield code="2">fast</subfield><subfield code="0">(OCoLC)fst01206858</subfield></datafield><datafield ind1=" " ind2="7" tag="651"><subfield code="a">United States.</subfield><subfield code="2">fast</subfield><subfield code="0">(OCoLC)fst01204155</subfield></datafield><datafield ind1=" " ind2="7" tag="648"><subfield code="a">1974 - 1977</subfield><subfield code="2">fast</subfield></datafield><datafield ind1=" " ind2="7" tag="655"><subfield code="a">Newspapers.</subfield><subfield code="2">fast</subfield><subfield code="0">(OCoLC)fst01423814</subfield></datafield><datafield ind1="2" ind2=" " tag="710"><subfield code="a">Bowling Green State University.</subfield><subfield code="b">Popular Culture Library.</subfield></datafield><datafield ind1="2" ind2=" " tag="710"><subfield code="a">Adam Matthew Digital (Firm)</subfield></datafield><datafield ind1="2" ind2=" " tag="710"><subfield code="a">Adam Matthew Education (Firm)</subfield></datafield><datafield ind1="0" ind2="8" tag="776"><subfield code="i">Print version:</subfield><subfield code="t">Spectacle (East Lansing, Mich. Print)</subfield><subfield code="x">2471-1152</subfield><subfield code="w">(DLC)sn 97063319</subfield><subfield code="w">(OCoLC)27056645</subfield></datafield><datafield ind1=" " ind2="0" tag="830"><subfield code="a">Rock and roll, counterculture, peace and protest.</subfield></datafield><datafield ind1="4" ind2="0" tag="856"><subfield code="u">http://voices.revealdigital.com/cgi-bin/independentvoices?a=cl&amp;cl=CL1&amp;sp=CHAFGGEF&amp;ai=1</subfield></datafield><datafield ind1="4" ind2="0" tag="856"><subfield code="3">Vol. 1</subfield><subfield code="u">http://www.rockandroll.amdigital.co.uk/Contents/DocumentDetails.aspx?documentid=586403</subfield></datafield><datafield ind1="4" ind2="0" tag="856"><subfield code="3">Vol. 2</subfield><subfield code="u">http://www.rockandroll.amdigital.co.uk/Contents/DocumentDetails.aspx?documentid=586406</subfield></datafield><datafield ind1="4" ind2="0" tag="856"><subfield code="3">Vol. 3</subfield><subfield code="u">http://www.rockandroll.amdigital.co.uk/Contents/DocumentDetails.aspx?documentid=586409</subfield></datafield><datafield ind1="1" ind2=" " tag="029"><subfield code="a">NZ1</subfield><subfield code="b">14678401</subfield></datafield></record>